<collection xmlns="http://www.loc.gov/MARC21/slim"><record><leader>00783nam  2200229   450</leader><controlfield tag="001">162</controlfield><controlfield tag="003">http://montalegre.opacnet.com/OPAC/default.aspx?ContentAreaControl=ShowRegHoldings.ascx&amp;RegNo=16662</controlfield><datafield tag="095" ind1=" " ind2=" "><subfield code="a">PTBN00066259</subfield></datafield><datafield tag="100" ind1=" " ind2=" "><subfield code="a">20061013d1977    m  y0pora010305  ba</subfield></datafield><datafield tag="101" ind1="1" ind2=" "><subfield code="a">por</subfield><subfield code="c">fre</subfield></datafield><datafield tag="102" ind1=" " ind2=" "><subfield code="a">PT</subfield></datafield><datafield tag="200" ind1="1" ind2=" "><subfield code="a">&lt;O &gt;estrangeiro</subfield><subfield code="e">romance</subfield><subfield code="f">Albert Camus</subfield><subfield code="g">introd. de Jean Paul Sartre</subfield></datafield><datafield tag="210" ind1=" " ind2=" "><subfield code="a">Lisboa</subfield><subfield code="c">Livros do Brasil</subfield><subfield code="d">[D.L. 1977]</subfield></datafield><datafield tag="215" ind1=" " ind2=" "><subfield code="a">225, [6] p.</subfield><subfield code="d">20 cm</subfield></datafield><datafield tag="225" ind1="2" ind2=" "><subfield code="a">Autores de sempre</subfield></datafield><datafield tag="304" ind1=" " ind2=" "><subfield code="a">Tít. orig.: L'étranger</subfield></datafield><datafield tag="675" ind1=" " ind2=" "><subfield code="a">821</subfield><subfield code="v">BN</subfield><subfield code="z">por</subfield></datafield><datafield tag="700" ind1=" " ind2="1"><subfield code="a">Camus</subfield><subfield code="b">Albert</subfield><subfield code="f">1913-1960</subfield></datafield><datafield tag="702" ind1=" " ind2="1"><subfield code="a">Sartre</subfield><subfield code="b">Jean-Paul</subfield><subfield code="f">1905-1980</subfield><subfield code="4">080</subfield></datafield><datafield tag="702" ind1=" " ind2="1"><subfield code="a">Quadros</subfield><subfield code="b">António</subfield><subfield code="f">1923-1993</subfield><subfield code="4">730</subfield></datafield><datafield tag="801" ind1=" " ind2="0"><subfield code="a">PT</subfield><subfield code="b">Biblioteca Municipal de Montalegre</subfield><subfield code="g">RPC</subfield></datafield><datafield tag="856" ind1=" " ind2=" "><subfield code="u">locateMedia.asp?cod=20060509162148&amp;ext=jpg</subfield><subfield code="z">CAPA</subfield></datafield><datafield tag="909" ind1="&#9;" ind2=" "><subfield code="a">1</subfield></datafield><datafield tag="966" ind1=" " ind2=" "><subfield code="a">0008312</subfield><subfield code="l">BMM</subfield><subfield code="s">SCG 821 CAM est</subfield></datafield></record></collection>